<record><leader>00000cas a22000007a 4500</leader><controlfield tag="001">21203947</controlfield><controlfield tag="008">900312d19011908moudr ne      0    0eng d</controlfield><datafield ind1=" " ind2=" " tag="010"><subfield code="a">sn 90061220 </subfield></datafield><datafield ind1=" " ind2=" " tag="040"><subfield code="a">MQN</subfield><subfield code="b">eng</subfield><subfield code="c">MQN</subfield><subfield code="d">CRL</subfield><subfield code="d">OCLCQ</subfield><subfield code="d">DLC</subfield></datafield><datafield ind1=" " ind2=" " tag="042"><subfield code="a">msc</subfield></datafield><datafield ind1=" " ind2=" " tag="043"><subfield code="a">n-us-mo</subfield></datafield><datafield ind1="0" ind2="4" tag="245"><subfield code="a">The Kansas City star and the Kansas City times.</subfield></datafield><datafield ind1="3" ind2="0" tag="246"><subfield code="a">Kansas City times</subfield></datafield><datafield ind1=" " ind2=" " tag="260"><subfield code="a">Kansas City, Mo. :</subfield><subfield code="b">[s.n.],</subfield><subfield code="c">1901-1908.</subfield></datafield><datafield ind1=" " ind2=" " tag="300"><subfield code="a">v.</subfield></datafield><datafield ind1=" " ind2=" " tag="310"><subfield code="a">Daily</subfield></datafield><datafield ind1="0" ind2=" " tag="362"><subfield code="a">Vol. 22, no. 34 (Oct. 21, 1901)-v. 71, no. 105 (May 1, 1908).</subfield></datafield><datafield ind1=" " ind2=" " tag="530"><subfield code="a">Also issued on microfilm from University Microfilms International.</subfield></datafield><datafield ind1=" " ind2="4" tag="651"><subfield code="a">Kansas City (Mo.)</subfield><subfield code="v">Newspapers.</subfield></datafield><datafield ind1=" " ind2=" " tag="752"><subfield code="a">United States</subfield><subfield code="b">Missouri</subfield><subfield code="c">Jackson</subfield><subfield code="d">Kansas City.</subfield></datafield><datafield ind1="0" ind2=" " tag="775"><subfield code="t">Kansas City star (Kansas City, Mo. : 1885)</subfield><subfield code="w">(DLC)sn 82007150</subfield><subfield code="w">(OCoLC)3555868</subfield></datafield><datafield ind1="0" ind2="0" tag="780"><subfield code="t">Kansas City times (Kansas City, Mo. : 1884)</subfield><subfield code="x">2574-5182</subfield><subfield code="w">(DLC)sn 90061444</subfield><subfield code="w">(OCoLC)21203937</subfield></datafield><datafield ind1="0" ind2="0" tag="785"><subfield code="t">Kansas City times (Kansas City, Mo. : 1908)</subfield><subfield code="w">(DLC)sn 83045326</subfield><subfield code="w">(OCoLC)8322727</subfield></datafield><datafield ind1="1" ind2=" " tag="029"><subfield code="a">AU@</subfield><subfield code="b">000020593348</subfield></datafield></record>